@INPROCEEDINGS{present_dfa1, 
author={Gaoli Wang and Shaohui Wang}, 
booktitle={Computational Intelligence and Security (CIS), 2010 International Conference on}, 
title={{Differential Fault Analysis on PRESENT Key Schedule}}, 
year={2010}, 
month={Dec}, 
pages={362-366}, 
keywords={cryptography;fault diagnosis;radiofrequency identification;PRESENT key schedule;RFID tags;block cipher;computational complexity;differential fault analysis;differential fault attack;extremely constrained environment;faulty ciphertext;nibble fault;nibble oriented model;random fault;round key;secret key recovery;sensor networks;PRESENT;block cipher;differential fault analysis}, 
doi={10.1109/CIS.2010.84},}

@article{present_dfa2,
year={2012},
issn={1007-1202},
journal={Wuhan University Journal of Natural Sciences},
volume={17},
number={6},
doi={10.1007/s11859-012-0875-7},
title={{Fault-propagate pattern based DFA on PRESENT and PRINT cipher}},
publisher={Wuhan University},
keywords={fault-propagation pattern; differential fault analysis; bitwise permutation; SPN block cipher; PRESENT; PRINTcipher; TP 309},
author={Zhao, Xinjie and Guo, Shize and Wang, Tao and Zhang, Fan and Shi, Zhijie},
pages={485-493},
language={English}
}

@article{present_dfa3,
year={2013},
journal={EURASIP Journal on Advances in Signal Processing},
volume={2013},
number={1},
doi={10.1186/1687-6180-2013-145},
title={{New differential fault analysis on PRESENT}},
publisher={Springer International Publishing},
keywords={Lightweight; Block cipher; PRESENT; Differential fault analysis},
author={Bagheri, Nasour and Ebrahimpour, Reza and Ghaedi, Navid},
pages={1-10},
language={English}
}

@INPROCEEDINGS{present_dfa4, 
author={Dawu Gu and Juanru Li and Sheng Li and Zhouqian Ma and Zheng Guo and Junrong Liu}, 
booktitle={Fault Diagnosis and Tolerance in Cryptography (FDTC), 2012 Workshop on}, 
title={Differential Fault Analysis on Lightweight Blockciphers with Statistical Cryptanalysis Techniques}, 
year={2012}, 
month={Sept}, 
pages={27-33}, 
keywords={cryptography;fault diagnosis;statistical analysis;telecommunication channels;PRESENTcipher;PRINTCIPHER;antepenultimate round faulty encryption;bit-permutation;differential fault analysis;lightweight blockciphers;middle round fault;penultimate round faulty encryption;side channel attack techniques;statistical cryptanalysis techniques;Circuit faults;Doped fiber amplifiers;Educational institutions;Encryption;Euclidean distance;PRESENT;PRINTCIPHER;differential cryptanalysis;fault attack;lightweight cipher}, 
doi={10.1109/FDTC.2012.16},}

@article{present_dfa5,
author = {Jeong, Kitae and Lee, Yuseop and Sung, Jaechul and Hong, Seokhie},
title = {Improved differential fault analysis on PRESENT-80/128},
journal = {International Journal of Computer Mathematics},
volume = {90},
number = {12},
pages = {2553-2563},
year = {2013},
eprint = {http://dx.doi.org/10.1080/00207160.2012.760732}
}

@inproceedings{DeSantis2015,
author="De Santis, Fabrizio
and Guillen, Oscar M.
and Sakic, Ermin
and Sigl, Georg",
editor="Eisenbarth, Thomas
and {\"O}zt{\"u}rk, Erdin{\c{c}}",
title="Ciphertext-Only Fault Attacks on PRESENT",
bookTitle="Lightweight Cryptography for Security and Privacy: Third International Workshop, LightSec 2014, Istanbul, Turkey, September 1-2, 2014",
pages="85--108",
isbn="978-3-319-16363-5",
}

@inproceedings{Ghalaty2015,
author="Ghalaty, Nahid Farhady
and Yuce, Bilgiday
and Schaumont, Patrick",
title="Differential Fault Intensity Analysis on PRESENT and LED Block Ciphers",
bookTitle="Constructive Side-Channel Analysis and Secure Design: 6th International Workshop, COSADE 2015, Berlin, Germany, April 13-14, 2015.",
pages="174--188",
isbn="978-3-319-21476-4",
}

@INPROCEEDINGS{siot2015, 
author={J. Breier and W. He}, 
booktitle={2015 International Workshop on Secure Internet of Things (SIoT)}, 
title={Multiple Fault Attack on PRESENT with a Hardware Trojan Implementation in FPGA}, 
year={2015}, 
pages={58-64}, 
keywords={Internet of Things;field programmable gate arrays;invasive software;private key cryptography;HT technique;Internet of Things;PRESENT;Xilinx Spartan-6 FPGA;differential fault analysis technique;faulty encryption;hardware Trojan multiple fault attack;hardware Trojan technique;nibble;penultimate round;secret key cryptographic algorithm;ultralightweight cipher;Algorithm design and analysis;Ciphers;Circuit faults;Hardware;Trojan horses;FPGA;Fault Attack;Hardware Trojan;PRESENT}, 
month={Sept},}

@inproceedings{DBLP:conf/pkc/Schindler02,
	author    = {Werner Schindler},
	title     = {{A Combined Timing and Power Attack}},
	booktitle = {Public Key Cryptography},
	year      = {2002},
	pages     = {263-279},
	ee        = {http://link.springer.de/link/service/series/0558/bibs/2274/22740263.htm},
}

@inproceedings{DBLP:conf/ctrsa/WalterT01,
  author    = {Colin D. Walter and
               Susan Thompson},
  title     = {Distinguishing Exponent Digits by Observing Modular Subtractions},
  booktitle = {Topics in Cryptology - {CT-RSA} 2001, The Cryptographer's Track at
               {RSA} Conference 2001, San Francisco, CA, USA, April 8-12, 2001, Proceedings},
  pages     = {192--207},
  year      = {2001},
  url       = {http://dx.doi.org/10.1007/3-540-45353-9_15},
  doi       = {10.1007/3-540-45353-9_15},
}

@INPROCEEDINGS{kocher-timing_attacks,
	AUTHOR    = "Paul C. Kocher",
	TITLE     = "{Timing Attacks on Implementations of Diffie-Hellman, RSA, DSS, and Other Systems}",
	booktitle = "Proceedings of CRYPTO'96",
	publisher = "Springer-Verlag",
	series    = "LNCS",
	YEAR      = 1996,
	VOLUME    = 1109,
	PAGES     = "104--113",
}


@INPROCEEDINGS{kocher-dpa_and_related_attacks,
	AUTHOR    = "Paul C. Kocher and Joshua Jaffe and Benjamin Jun",
	TITLE     = "{Differential Power Analysis}",
	booktitle = "Proceedings of CRYPTO'99",
	publisher = "Springer-Verlag",
	series    = "LNCS",
	YEAR      = 1999,
	VOLUME    = "1666",
	PAGES     = "388--397"
}

@misc{kocker-keyupdate,
	author = {Paul C. Kocher},
	title  = {{Leak-resistant cryptographic indexed key update}},
	year   = "2003",
	month  = "March 25",
	note   = {{United States Patent 6,539,092 filed on July 2nd, 1999 at San Francisco, CA, USA}}
}

@inproceedings{DBLP:conf/ches/AgrawalRR03,
	author    = {
		Dakshi Agrawal and
		Josyula R. Rao and
		Pankaj Rohatgi},
	title     = {{Multi-channel Attacks}},
	booktitle = {CHES},
	volume    = {2779},
	publisher = {Springer},
	series    = {LNCS},
	year      = {2003},
	month     = {September 8-10},
	pages     = {2-16},
	ee        = {http://springerlink.metapress.com/openurl.asp?genre=article{\&}issn=0302-9743{\&}volume=2779{\&}spage=2},
	bibsource = {DBLP, http://dblp.uni-trier.de},
	note      = {{Cologne, Germany}}
}

@inproceedings{DBLP:conf/ches/StandaertA08,
	author    = {Fran\c{c}ois-Xavier Standaert and C{\'e}dric Archambeau},
	title     = {{Using Subspace-Based Template Attacks to Compare and Combine Power and Electromagnetic Information Leakages}},
	booktitle = {CHES},
	publisher = {Springer},
	series    = {Lecture Notes in Computer Science},
	volume    = {5154},
	year      = {2008},
	month     = {August 10--13},
	pages     = {411-425},
	ee        = {http://dx.doi.org/10.1007/978-3-540-85053-3_26},
	isbn      = {978-3-540-85052-6},
	note      = {{Washington, D.C., USA}}
}

@inproceedings{SG:WISA10,
	author    = {Moulay Abdelaziz El Aabid and Oliver Meynard and Sylvain Guilley and Jean-Luc Danger},
	title     = {{Combined Side-Channel Attacks}},
	booktitle = {WISA},
	year      = {2010},
	month     = {August 24-26},
	pages     = {175-190},
	publisher = {Springer},
	series    = "LNCS",
	volume    = {6513},
	note      = {{Jeju Island, Korea. DOI: 10.1007/978-3-642-17955-6\_13}}
}

@inproceedings{YS:CTRSA12,
  author    = {Youssef Souissi and Shivam Bhasin and Sylvain Guilley and Maxime Nassar and Jean-Luc Danger},
  title     = {{Towards Different Flavors of Combined Side Channel Attacks}},
  booktitle = {CT-RSA},
  publisher = {Springer},
  series    = {LNCS},
  volume    = {7178},
  year      = {2012},
  pages     = {245-259},
  bibsource = {DBLP, http://dblp.uni-trier.de},
  month     = {{February 27 -- March 2}},
  note      = {{San Francisco, CA, USA. DOI: 10.1007/978-3-642-27954-6\_16}}
}

@INPROCEEDINGS{7035902, 
author={A. Levina and M. Korovkin and D. Sleptsova}, 
booktitle={Application of Information and Communication Technologies (AICT), 2014 IEEE 8th International Conference on}, 
title={Combined side-channel attacks on COMP128}, 
year={2014}, 
pages={1-3}, 
doi={10.1109/ICAICT.2014.7035902}, 
month={Oct},}


@Inbook{Hutter2012,
author="Hutter, Michael
and Kirschbaum, Mario
and Plos, Thomas
and Schmidt, J{\"o}rn-Marc
and Mangard, Stefan",
editor="Schindler, Werner
and Huss, Sorin A.",
chapter="Exploiting the Difference of Side-Channel Leakages",
title="Constructive Side-Channel Analysis and Secure Design: Third International Workshop, COSADE 2012, Darmstadt, Germany, May 3-4, 2012. Proceedings",
year="2012",
publisher="Springer Berlin Heidelberg",
address="Berlin, Heidelberg",
pages="1--16",
isbn="978-3-642-29912-4",
doi="10.1007/978-3-642-29912-4_1",
url="http://dx.doi.org/10.1007/978-3-642-29912-4_1"
}

@ARTICLE{5963644, 
author={A. Bogdanov and I. Kizhvatov}, 
journal={IEEE Transactions on Computers}, 
title={Beyond the Limits of DPA: Combined Side-Channel Collision Attacks}, 
year={2012}, 
volume={61}, 
number={8}, 
pages={1153-1164}, 
doi={10.1109/TC.2011.140}, 
ISSN={0018-9340}, 
month={Aug},}


@inproceedings{DBLP:conf/asiacrypt/MatherOW14,
  author    = {Luke Mather and
               Elisabeth Oswald and
               Carolyn Whitnall},
  title     = {Multi-target {DPA} Attacks: Pushing {DPA} Beyond the Limits of a Desktop
               Computer},
  booktitle = {Advances in Cryptology - {ASIACRYPT} 2014 - 20th International Conference
               on the Theory and Application of Cryptology and Information Security,
               Kaoshiung, Taiwan, R.O.C., December 7-11, 2014. Proceedings, Part
               {I}},
  pages     = {243--261},
  year      = {2014},
  url       = {http://dx.doi.org/10.1007/978-3-662-45611-8_13},
  doi       = {10.1007/978-3-662-45611-8_13},
  bibsource = {dblp computer science bibliography, http://dblp.org}
}

@ARTICLE{7084387, 
author={Z. Guo and D. Gu and H. Lu and J. Liu and S. Xu and S. Bao and H. Gu}, 
journal={China Communications}, 
title={A combinational power analysis method against cryptographic hardware}, 
year={2015}, 
volume={12}, 
number={1}, 
pages={99-107}, 
doi={10.1109/CC.2015.7084387}, 
ISSN={1673-5447}, 
month={Jan},}

@inproceedings{renauld2009combining,
  title={Combining algebraic and side-channel cryptanalysis against block ciphers},
  author={Renauld, Mathieu and Standaert, Fran{\c{c}}ois-Xavier and others},
  booktitle={Proceedings of the 30th Symposium on Information Theory in the Benelux},
  year={2009}
}


@inproceedings{DBLP:conf/ches/AgrawalARR02,
	author    = {Dakshi Agrawal and Bruce Archambeault and Josyula R. Rao and Pankaj Rohatgi},
	title     = {{The EM Side-Channel(s)}},
	booktitle = {CHES},
	year      = {2002},
	volume    = {2523},
	publisher = {Springer},
	series    = {LNCS},
	pages     = {29-45},
	ee        = {http://link.springer.de/link/service/series/0558/bibs/2523/25230029.htm},
	bibsource = {DBLP, http://dblp.uni-trier.de}
}

@INPROCEEDINGS{QS01_short,
	author    = {Jean-Jacques Quisquater and David Samyde},
	title     = {{ElectroMagnetic Analysis (EMA): Measures and Counter-Measures for Smard Cards}},
	booktitle = {E-smart},
	editor    = "I. Attali and T. P. Jensen",
	volume    = "1240",
	year      = {2001},
	pages     = {200-210},
	series    = "LNCS",
	publisher = {Springer-Verlag},
	note      = {ISSN 0302-9743}
}

@inproceedings{DBLP:conf/cardis/HeyszlIMSS13,
  author    = {Johann Heyszl and
               Andreas Ibing and
               Stefan Mangard and
               Fabrizio De Santis and
               Georg Sigl},
  title     = {Clustering Algorithms for Non-profiled Single-Execution Attacks on
               Exponentiations},
  booktitle = {Smart Card Research and Advanced Applications - 12th International
               Conference, {CARDIS} 2013, Berlin, Germany, November 27-29, 2013.},
  pages     = {79--93},
  doi       = {10.1007/978-3-319-08302-5_6},
}

@inproceedings{DBLP:conf/cosade/SpechtHKS15,
  author    = {Robert Specht and
               Johann Heyszl and
               Martin Kleinsteuber and
               Georg Sigl},
  title     = {Improving Non-profiled Attacks on Exponentiations Based on Clustering
               and Extracting Leakage from Multi-channel High-Resolution {EM} Measurements},
  booktitle = {Constructive Side-Channel Analysis and Secure Design - 6th International
               Workshop, {COSADE} 2015, Berlin, Germany, April 13-14, 2015.},
  pages     = {3--19},
  doi       = {10.1007/978-3-319-21476-4_1},
}

@inproceedings{DBLP:conf/hipeac/HerrmannS15,
  author    = {Alexander Herrmann and
               Marc St{\"{o}}ttinger},
  title     = {Evaluation Tools for Multivariate Side-Channel Analysis},
  booktitle = {Proceedings of the Second Workshop on Cryptography and Security in
               Computing Systems, CS2@HiPEAC 2015, Amsterdam, Netherlands, January
               19-21, 2015},
  pages     = {1--6},
  year      = {2015},
  url       = {http://doi.acm.org/10.1145/2694805.2694806},
  doi       = {10.1145/2694805.2694806},
}

@inproceedings{DBLP:conf/hipeac/HeH15,
  author    = {Wei He and
               Alexander Herrmann},
  title     = {Placement Security Analysis for Side-Channel Resistant Dual-Rail Scheme
               in {FPGA}},
  booktitle = {Proceedings of the Second Workshop on Cryptography and Security in
               Computing Systems, CS2@HiPEAC 2015, Amsterdam, Netherlands, January
               19-21, 2015},
  pages     = {39--42},
  year      = {2015},
  doi       = {10.1145/2694805.2694813},
}

@inproceedings{DBLP:conf/wisa/HeJH15,
  author    = {Wei He and
               Dirmanto Jap and
               Alexander Herrmann},
  title     = {Process Variation Evaluation Using {RO} {PUF} for Enhancing SCA-Resistant
               Dual-Rail Implementation},
  booktitle = {Information Security Applications - 16th International Workshop, {WISA}
               2015, Jeju Island, Korea, August 20-22, 2015, Revised Selected Papers},
  pages     = {16--27},
  year      = {2015},
  doi       = {10.1007/978-3-319-31875-2_2},
}

@inproceedings{DBLP:conf/cosade/HeTR12,
  author    = {Wei He and
               Eduardo de la Torre and
               Teresa Riesgo},
  title     = {An Interleaved EPE-Immune {PA-DPL} Structure for Resisting Concentrated
               {EM} Side Channel Attacks on {FPGA} Implementation},
  booktitle = {Constructive Side-Channel Analysis and Secure Design - Third International
               Workshop, {COSADE} 2012, Darmstadt, Germany, May 3-4, 2012. Proceedings},
  pages     = {39--53},
  year      = {2012},
  doi       = {10.1007/978-3-642-29912-4_4},
}

@Inbook{Heyszl2012,
author="Heyszl, Johann
and Mangard, Stefan
and Heinz, Benedikt
and Stumpf, Frederic
and Sigl, Georg",
editor="Dunkelman, Orr",
chapter="Localized Electromagnetic Analysis of Cryptographic Implementations",
title="Topics in Cryptology -- CT-RSA 2012: The Cryptographers' Track at the RSA Conference 2012, San Francisco, CA, USA, February 27 -- March 2, 2012. Proceedings",
year="2012",
publisher="Springer Berlin Heidelberg",
address="Berlin, Heidelberg",
pages="231--244",
isbn="978-3-642-27954-6",
doi="10.1007/978-3-642-27954-6_15",
}

@INPROCEEDINGS{6581559, 
author={D. Merli and J. Heyszl and B. Heinz and D. Schuster and F. Stumpf and G. Sigl}, 
booktitle={Hardware-Oriented Security and Trust (HOST), 2013 IEEE International Symposium on}, 
title={Localized electromagnetic analysis of RO PUFs}, 
year={2013}, 
pages={19-24}, 
doi={10.1109/HST.2013.6581559}, 
month={June},}

@Inbook{Heyszl2013,
author="Heyszl, Johann
and Merli, Dominik
and Heinz, Benedikt
and Santis, Fabrizio
and Sigl, Georg",
editor="Mangard, Stefan",
chapter="Strengths and Limitations of High-Resolution Electromagnetic Field Measurements for Side-Channel Analysis",
title="Smart Card Research and Advanced Applications: 11th International Conference, CARDIS 2012, Graz, Austria, November 28-30, 2012, Revised Selected Papers",
year="2013",
publisher="Springer Berlin Heidelberg",
address="Berlin, Heidelberg",
pages="248--262",
isbn="978-3-642-37288-9",
doi="10.1007/978-3-642-37288-9_17",
}

@inproceedings{DBLP:conf/date/StrobelBOSP15,
  author    = {Daehyun Strobel and
               Florian Bache and
               David Oswald and
               Falk Schellenberg and
               Christof Paar},
  title     = {Scandalee: a side-channel-based disassembler using local electromagnetic
               emanations},
  booktitle = {Proceedings of the 2015 Design, Automation {\&} Test in Europe
               Conference {\&} Exhibition, {DATE} 2015, Grenoble, France, March
               9-13, 2015},
  pages     = {139--144},
  year      = {2015},
}


@incollection{biham_shamir,
year={1997},
booktitle={CRYPTO '97},
volume={1294},
series={LNCS},
title={{Differential Fault Analysis of Secret Key Cryptosystems}},
author={Biham, E. and Shamir, A.},
pages={513-525}
}

@incollection{skorobogatov2006optically,
  title={Optically enhanced position-locked power analysis},
  author={Skorobogatov, Sergei},
  booktitle={Cryptographic Hardware and Embedded Systems-CHES 2006},
  pages={61--75},
  year={2006},
  publisher={Springer}
}

@inproceedings{amiel2007passive,
  title={Passive and active combined attacks: Combining fault attacks and side channel analysis},
  author={Amiel, Frederic and Villegas, Karine and Feix, Benoit and Marcel, Louis},
  booktitle={Fault Diagnosis and Tolerance in Cryptography, 2007. FDTC 2007. Workshop on},
  pages={92--102},
  year={2007},
  organization={IEEE}
}

@incollection{schmidt2010combined,
  title={Combined implementation attack resistant exponentiation},
  author={Schmidt, J{\"o}rn-Marc and Tunstall, Michael and Avanzi, Roberto and Kizhvatov, Ilya and Kasper, Timo and Oswald, David},
  booktitle={Progress in Cryptology--LATINCRYPT 2010},
  pages={305--322},
  year={2010},
  publisher={Springer}
}

@inproceedings{clavier2010passive,
  title={Passive and active combined attacks on aes combining fault attacks and side channel analysis},
  author={Clavier, Christophe and Feix, Benoit and Gagnerot, Georges and Roussellet, Mylene},
  booktitle={Fault Diagnosis and Tolerance in Cryptography (FDTC), 2010 Workshop on},
  pages={10--19},
  year={2010},
  organization={IEEE}
}

@incollection{fan2011infinity,
  title={To infinity and beyond: combined attack on ECC using points of low order},
  author={Fan, Junfeng and Gierlichs, Benedikt and Vercauteren, Frederik},
  booktitle={Cryptographic Hardware and Embedded Systems--CHES 2011},
  pages={143--159},
  year={2011},
  publisher={Springer}
}

@article{moradi2011power,
  title={On the Power of Fault Sensitivity Analysis and Collision Side-Channel Attacks in a Combined Setting},
  author={Moradi, Amir and Mischke, Oliver and Paar, Christof and Li, Yang and Ohta, Kazuo and Sakiyama, Kazuo},
  journal={Cryptographic Hardware and Embedded Systems--CHES 2011},
  pages={292},
  publisher={Springer}
}

@incollection{vuillaume2012rsa,
  title={RSA key generation: new attacks},
  author={Vuillaume, Camille and Endo, Takashi and Wooderson, Paul},
  booktitle={Constructive Side-Channel Analysis and Secure Design},
  pages={105--119},
  year={2012},
  publisher={Springer}
}

@inproceedings{dassance2012combined,
  title={Combined Fault and Side-Channel Attacks on the AES Key Schedule},
  author={Dassance, Francois and Venelli, Alexandre},
  booktitle={Fault Diagnosis and Tolerance in Cryptography (FDTC), 2012 Workshop on},
  pages={63--71},
  year={2012},
  organization={IEEE}
}

@incollection{roche2011combined,
  title={Combined fault and side-channel attack on protected implementations of aes},
  author={Roche, Thomas and Lomn{\'e}, Victor and Khalfallah, Karim},
  booktitle={Smart Card Research and Advanced Applications},
  pages={65--83},
  year={2011},
  publisher={Springer}
}

@incollection{barbu2013combined,
  title={Combined attack on CRT-RSA},
  author={Barbu, Guillaume and Battistello, Alberto and Dabosville, Guillaume and Giraud, Christophe and Renault, Gu{\'e}na{\"e}l and Renner, Soline and Zeitoun, Rina},
  booktitle={Public-Key Cryptography--PKC 2013},
  pages={198--215},
  year={2013},
  publisher={Springer}
}

@incollection{feix2013defeating,
  title={Defeating with fault injection a combined attack resistant exponentiation},
  author={Feix, Benoit and Venelli, Alexandre},
  booktitle={Constructive Side-Channel Analysis and Secure Design},
  pages={32--45},
  year={2013},
  publisher={Springer}
}

@incollection{li2013exploring,
  title={Exploring the relations between fault sensitivity and power consumption},
  author={Li, Yang and Endo, Sho and Debande, Nicolas and Homma, Naofumi and Aoki, Takafumi and Le, Thanh-Ha and Danger, Jean-Luc and Ohta, Kazuo and Sakiyama, Kazuo},
  booktitle={Constructive Side-Channel Analysis and Secure Design},
  pages={137--153},
  year={2013},
  publisher={Springer}
}

@article{kim2013new,
  title={A new exponentiation algorithm resistant to combined side channel attack},
  author={Kim, H and Choi, Y and Choi, D and Ha, J},
  journal={Journal of Internet Services and Information Security (JISIS)},
  volume={3},
  number={3/4},
  pages={17--27},
  year={2013}
}

@inproceedings{su2015combined,
  title={Combined Attack on Blinded Fault Resistant Exponentiation Algorithm and Efficient Countermeasure},
  author={Su, L and Guo, W and Guo, Z},
  booktitle={2015 11th International Conference on Computational Intelligence and Security (CIS)},
  pages={331--334},
  year={2015},
  organization={IEEE}
}

@inproceedings{boscher2009blinded,
  title={Blinded fault resistant exponentiation revisited},
  author={Boscher, Arnaud and Handschuh, Helena and Trichina, Elena},
  booktitle={Fault Diagnosis and Tolerance in Cryptography (FDTC), 2009 Workshop on},
  pages={3--9},
  year={2009},
  organization={IEEE}
}

@article{chakrabortycombined,
  title={Combined Side-Channel and Fault Analysis Attack on Protected Grain Family of Stream Ciphers},
  author={Chakraborty, Abhishek and Mazumdar, Bodhisatwa and Mukhopadhay, Debdeep}
}

@incollection{bouffard2011combined,
  title={Combined software and hardware attacks on the java card control flow},
  author={Bouffard, Guillaume and Iguchi-Cartigny, Julien and Lanet, Jean-Louis},
  booktitle={Smart Card Research and Advanced Applications},
  pages={283--296},
  year={2011},
  publisher={Springer}
}

@article{DBLP:journals/chinaf/ZhangBLR0V15,
  author    = {Wentao Zhang and
               Zhenzhen Bao and
               Dongdai Lin and
               Vincent Rijmen and
               Bohan Yang and
               Ingrid Verbauwhede},
  title     = {{RECTANGLE:} a bit-slice lightweight block cipher suitable for multiple
               platforms},
  journal   = {{SCIENCE} {CHINA} Information Sciences},
  volume    = {58},
  number    = {12},
  pages     = {1--15},
  year      = {2015},
  timestamp = {Wed, 17 May 2017 14:25:34 +0200},
  biburl    = {http://dblp.uni-trier.de/rec/bib/journals/chinaf/ZhangBLR0V15},
  bibsource = {dblp computer science bibliography, http://dblp.org}
}


@inproceedings{DBLP:conf/ches/BogdanovKLPPRSV07,
  author    = {Andrey Bogdanov and
               Lars R. Knudsen and
               Gregor Leander and
               Christof Paar and
               Axel Poschmann and
               Matthew J. B. Robshaw and
               Yannick Seurin and
               C. Vikkelsoe},
  title     = {{PRESENT:} An Ultra-Lightweight Block Cipher},
  booktitle = {Cryptographic Hardware and Embedded Systems - {CHES} 2007, 9th International
               Workshop, Vienna, Austria, September 10-13, 2007, Proceedings},
  pages     = {450--466},
  year      = {2007},
  doi       = {10.1007/978-3-540-74735-2_31},
  timestamp = {Fri, 02 Jun 2017 13:01:07 +0200},
  biburl    = {http://dblp.uni-trier.de/rec/bib/conf/ches/BogdanovKLPPRSV07},
  bibsource = {dblp computer science bibliography, http://dblp.org}
}


@article{Kocher:0,
  author = {Kocher,Paul and Jaffe,Joshua and Jon,Benjamin},
  title = {{Differential Power Analysis}},
  journal = {{Advances in Cryptology CRYPTO99.Springer}},
  year = {1999},
  pages = {388-397},
  owner = {Springer}
}

@article{Boneh:0,
  author = {Boneh,Dan and Millo, Richard and Lipton, Richard},
  title = {{On the Importance of Checking Cryptographic Protocols for Faults}},
  journal = {{Advances in Cryptology EUROCRYPT97.Springer}},
  year = {1997},
  pages = {37-51},
  owner = {Springer},  
  
}

@article{Fuhr:0,
  author = {Fuhr,Thomas and Jaulmes,Eliane and Lomne, Victor and Thillard, Adrian},
  title = {{Fault Attacks on AES with Faulty Ciphertexts Only}},
  journal = {{2013 Workshop on Fault Diagnosis and Tolerance in Cryptography(FDTC).IEEE}},
  year = {2013},
  pages = {108-118},
  owner = {IEEE}
}

@article{Guilley:0,
  author = {Guilley,Sylvain and Sauvage,Laurent and Danger, J-L and Selmane,Nidhal and Pacalet,Renaud },
  title = {{Silicon-level Solutions to Counteract Passive and Active Attacks}},
  journal = {{5th Workshop on Fault Diagnosis and Tolerance in Cryptography 2008,FDTC'08,IEEE}},
  year = {2008},
  pages = {3-17},
  owner = {IEEE}
}

@book{daemen2013design,
  title={The design of Rijndael: AES-the advanced encryption standard},
  author={Daemen, Joan and Rijmen, Vincent},
  year={2013},
  publisher={Springer Science \& Business Media}
}

@article{Li:0,
  author = {Li,Yang and Sakiyama, Kazuo and Gomisawa,Shigeto and Fukunaga,Toshinori and Takahashi,Junko and Ohta,Kauzo},
  title = {{Fault Sensitivity Analysis}},
  journal = {{Cryptographic Hardware and Embedded Systems, CHES 2010, Springer}},
  year = {2010},
  pages = {320-334},
  owner = {Springer}
}

@article{Piret:0,
  author = {Piret,Gilles and Quisquater,Jean-Jacques},
  title = {{A Differential Fault Attack Technique against SPN Structures, with Application to the AES and KHAZAD}},
  journal = {{Cryptographic Hardware and Embedded Systems, CHES 2003, Springer}},
  year = {2003},
  pages = {77-88},
  owner = {Springer}
}

@article{Tunstall:0,
  author = {Tunstall,Michael and Mukhopadhyay,Debdeep and Ali,Subidh},
  title = {{Differential Fault Analysis of the Advanced Encryption Standard Using a Single Fault}},
  journal = {{Information Security Theory and Practice.Security and Privacy of Mobile Devices in Wireless Communication, Springer}},
  year = {2011},
  pages = {224-233},
  owner = {Springer}
}

@article{Ghalaty:0,
  author = {Ghalaty,Nahid and Yuce,Bilgiday and Taha,Mostafa and Schaumont,patrick},
  title = {{Differential Fault Intensity Analysis}},
  journal = {{2014 Workshop on Fault Diagnosis and Tolerance in Cryptography(FDTC).IEEE}},
  year = {2014}
  
}

@article{Kim:0,
  author = {Kim, H.C},
  title = {{Differential Fault Analysis against AES-192 and AES-256 with Minimal Faults}},
  journal = {{2010 Workshop on Fault Diagnosis and Tolerance in Cryptography(FDTC),IEEE}},
  year = {2010},
  pages = {3-9},
  owner = {IEEE}
} 

@article{Kommerling:0,
  author = {Kommerling, Oliver and Kuhn, G.M.},
  title = {{Design Principles for Tamper-Resistant Smartcard Processors}},
  journal = {{Proceedings of the USENIX Workshop on Smartcard Technology}},
  year = {1999},
  pages = {2-2},
  organization = {USENIX Association}
}

@article{Ors:0,
  author = {Ors, S.B and Oswald,Elisabeth and Preneel, Bart},
  title = {{Power Analysis Attacks on an FPGA-First Experimental Results}},
  journal = {{Cryptographic Hardware and Embedded Systems, CHES 2003, Springer}},
  year = {2003},
  pages = {35-50},
  organization = {Springer}
}

@article{Rivain:0,
  title={{Differential fault analysis on DES middle rounds}},
  author={Rivain, Matthieu},
  journal={Cryptographic Hardware and Embedded Systems-CHES 2009},
  pages={457--469},
  year={2009},
  publisher={Springer}
}

@article{Hemme:0,
  author = {Hemme, Ludger},
  title = {{A Differential Fault Attack against Early Rounds of (triple-)DES}},
  journal = {{Cryptographic Hardware and Embedded Systems, CHES 2004, Springer}},
  year = {2004},
  pages = {254-267},
  organization = {Springer}
}


@article{Biham:0,
  author = {Biham, Eli and Shamir, Adi},
  title = {{Differential Fault Analysis of Secret Key Cryptosystems}},
  journal = {{dvances in Cryptology CRYPTO'97,Springer}},
  year = {1997},
  pages = {513-525},
  organization = {Springer}
}

@article{Kim:1,
  author = {Kim, H.C},
  title = {{Improved Differential Fault Analysis on AES Key Schedule}},
  journal = {{IEEE Transactions on Information Forensics and Security}},
  year = {2012},
  volume = {7},
  number = {1},
  pages = {41-50},
  organization = {IEEE}
} 

@article{Agoyan:0,
  author = {Agoyan, Michel and Dutertre, Jean-Max and Naccache, David and Robisson,Bruno and Tria,Assia},
  title = {{When Clocks Fail: On Critical Paths and Clock Faults}},
  journal = {{Smart Card Research and Advanced Application}},
  year = {2010},  
  pages = {182-193},
  organization = {Springer}
} 

@article{FIPS:0,
  author = {PUB FIPS},
  title = {{197, Advanced Encryption Standard(AES)}}, 
  year = {2001},
  organization = {National Institute of Standards and Technology}
} 

@article{Malkin:0,
  author = {Malkin, T and Standaert,F.X and Yung, M},
  title = {{A Comparative Cost/Security Analysis of Fault Attack Countermeasures}},
  journal = {{2005 Workshop on Fault Diagnosis and Tolerance in Cryptography(FDTC),IEEE}},
  year = {2005},  
  pages = {109-123},
  organization = {IEEE}
} 

@article{Maistri:0,
  author = {Maistri, P. and Leveugle, R},
  title = {{Double-Data-Rate Computation as a Countermeasure against Fault Analysis}},
  journal = {{IEEE Transactions on Computers}},
  year = {2008},
  volume = {57},
  number = {11},
  pages = {1528-1539},
  organization = {IEEE}
} 
@incollection{BihamShamir,
year={1997},
booktitle={Advances in Cryptology -- CRYPTO 1997},
volume={1294},
series={Lecture Notes in Computer Science},
editor={Burton S. Kaliski Jr.},
title={{Differential Fault Analysis of Secret Key Cryptosystems}},
publisher={Springer},
author={Eli Biham and Adi Shamir},
pages={513-525},
} 
 
@inproceedings{Kim,
  title={Differential fault analysis against AES-192 and AES-256 with minimal faults},
  author={Kim, Chong Hee},
  booktitle={Fault Diagnosis and Tolerance in Cryptography (FDTC), 2010 Workshop on},
  pages={3--9},
  year={2010},
  organization={IEEE}
}

@incollection{Li,
  title={Fault sensitivity analysis},
  author={Li, Yang and Sakiyama, Kazuo and Gomisawa, Shigeto and Fukunaga, Toshinori and Takahashi, Junko and Ohta, Kazuo},
  booktitle={Cryptographic Hardware and Embedded Systems-CHES 2010},
  pages={320--334},
  year={2010},
  publisher={Springer}
}


@incollection{Boneh,
year={1997},
booktitle={Advances in Cryptology -- EUROCRYPT 1997},
volume={1233},
series={Lecture Notes in Computer Science},
editor={Walter Fumy},
title={{On the Importance of Checking Cryptographic Protocols for Faults}},
publisher={Springer},
author={Dan Boneh and Richard A. DeMillo and Richard J. Lipton},
pages={37-51},
}


@incollection{DFAGiraud,
year={2005},
booktitle={Advanced Encryption Standard -- AES},
volume={3373},
series={Lecture Notes in Computer Science},
editor={Hans Dobbertin and Vincent Rijmen and Aleksandra Sowa},
title={{DFA on AES}},
publisher={Springer},
author={Christophe Giraud},
pages={27-41}
}

@incollection{Piret,
year={2003},
booktitle={Cryptographic Hardware and Embedded Systems - CHES 2003},
volume={2779},
series={Lecture Notes in Computer Science},
editor={Colin D. Walter and {\c C}etin K. Ko{\c C} and Christof Paar},
title={{A Differential Fault Attack Technique against SPN Structures, with Application to the AES and Khazad}},
publisher={Springer},
author={Gilles Piret and Jean-Jacques Quisquater},
pages={77-88}
}


@incollection{SirOne,
year={2009},
booktitle={Progress in Cryptology -- AFRICACRYPT 2009},
volume={5580},
series={Lecture Notes in Computer Science},
editor={Bart Preneel},
title={{An Improved Fault Based Attack of the Advanced Encryption Standard}},
publisher={Springer},
author={Debdeep Mukhopadhyay},
pages={421-434}
}

@incollection{lomne,
  author    = {Thomas Fuhr and
               {\'E}liane Jaulmes and
               Victor Lomn{\'e} and
               Adrian Thillard},
  editor    = {Wieland Fischer and J{\"o}rn-Marc Schmidt},
  title     = {{Fault Attacks on AES with Faulty Ciphertexts Only}},
  booktitle = {Fault Diagnosis and Tolerance in Cryptography -- FDTC 2013},
  publisher = {IEEE Computer Society},
  year      = {2013},
  pages     = {108-118}

}


@incollection{Blomer,
year={2003},
booktitle={Financial Cryptography},
volume={2742},
series={Lecture Notes in Computer Science},
editor={Rebecca N. Wright},
title={{Fault Based Cryptanalysis of the Advanced Encryption Standard (AES)}},
publisher={Springer},
author={Johannes Bl\"{o}mer and Jean-Pierre Seifert},
pages={162-181}
}


@incollection{SirTwo,
  title={Differential fault analysis of the advanced encryption standard using a single fault},
  author={Tunstall, Michael and Mukhopadhyay, Debdeep and Ali, Subidh},
  booktitle={Information Security Theory and Practice. Security and Privacy of Mobile Devices in Wireless Communication},
  pages={224--233},
  year={2011},
  publisher={Springer}
}


@incollection{Roche,
  author    = {Victor Lomn{\'e} and
               Thomas Roche and
               Adrian Thillard},
  editor    = {Guido Bertoni and Benedikt Gierlichs},
  title     = {{On the Need of Randomness in Fault Attack Countermeasures - Application to AES}},
  booktitle = {Fault Diagnosis and Tolerance in Cryptography -- FDTC 2012},
  publisher = {IEEE Computer Society},
  year      = {2012},
  pages     = {85-94},

}

@incollection{Tunstall,
year={2012},
booktitle={Progress in Cryptology -- LATINCRYPT 2012},
volume={7533},
series={Lecture Notes in Computer Science},
editor={Hevia, Alejandro and Neven, Gregory},
title={{Infective Computation and Dummy Rounds: Fault Protection for Block Ciphers without Check-before-Output}},
publisher={Springer},
author={Benedikt Gierlichs and J\"{o}rn-Marc Schmidt and Michael Tunstall},
pages={305-321}
}

@incollection{GiraudAttack,
  author    = {Alberto Battistello and
               Christophe Giraud},
  editor    = {Wieland Fischer and J{\"o}rn-Marc Schmidt},
  title     = {{Fault Analysis of Infective AES Computations}},
  booktitle = {Fault Diagnosis and Tolerance in Cryptography -- FDTC 2013},
  publisher = {IEEE Computer Society},
  year      = {2013},
  pages     = {101-107},
}



@incollection{Tupsamudre,
  title={Destroying Fault Invariant with Randomization},
  author={Tupsamudre, Harshal and Bisht, Shikha and Mukhopadhyay, Debdeep},
  booktitle={Cryptographic Hardware and Embedded Systems--CHES 2014},
  pages={93--111},
  year={2014},
  publisher={Springer}
}

@inproceedings{Dehbaoui,
  title={Electromagnetic transient faults injection on a hardware and a software implementations of AES},
  author={Dehbaoui, Amine and Dutertre, J-M and Robisson, Bruno and Tria, Assia},
  booktitle={Fault Diagnosis and Tolerance in Cryptography (FDTC), 2012 Workshop on},
  pages={7--15},
  year={2012},
  organization={IEEE}
}

@inproceedings{Schmidt1,
  title={A practical fault attack on square and multiply},
  author={Schmidt, J and Herbst, Christoph},
  booktitle={Fault Diagnosis and Tolerance in Cryptography, 2008. FDTC'08. 5th Workshop on},
  pages={53--58},
  year={2008},
  organization={IEEE}
}

@inproceedings{Balasch,
  title={An In-depth and Black-box Characterization of the Effects of Clock Glitches on 8-bit MCUs},
  author={Balasch, Josep and Gierlichs, Benedikt and Verbauwhede, Ingrid},
  booktitle={Fault Diagnosis and Tolerance in Cryptography (FDTC), 2011 Workshop on},
  pages={105--114},
  year={2011},
  organization={IEEE}
}

@article{Barenghi1,
  title={Fault injection attacks on cryptographic devices: Theory, practice, and countermeasures},
  author={Barenghi, Alessandro and Breveglieri, Luca and Koren, Israel and Naccache, David},
  journal={Proceedings of the IEEE},
  volume={100},
  number={11},
  pages={3056--3076},
  year={2012},
  publisher={IEEE}
}

@article{Barenghi2,
  title={A fault induction technique based on voltage underfeeding with application to attacks against AES and RSA},
  author={Barenghi, Alessandro and Bertoni, Guido M and Breveglieri, Luca and Pelosi, Gerardo},
  journal={Journal of Systems and Software},
  volume={86},
  number={7},
  pages={1864--1878},
  year={2013},
  publisher={Elsevier}
}

@inproceedings{Trichina,
  title={{Multi fault laser attacks on protected CRT-RSA}},
  author={Trichina, Elena and Korkikyan, Roman},
  booktitle={Fault Diagnosis and Tolerance in Cryptography (FDTC), 2010 Workshop on},
  pages={75--86},
  year={2010},
  organization={IEEE}
}

@inproceedings{Schmidt2,
  title={{A fault attack on ECDSA}},
  author={Schmidt, J and Medwed, Marcel},
  booktitle={Fault Diagnosis and Tolerance in Cryptography (FDTC), 2009 Workshop on},
  pages={93--99},
  year={2009},
  organization={IEEE}
}

@inproceedings{Moro,
  title={{Electromagnetic fault injection: towards a fault model on a 32-bit microcontroller}},
  author={Moro, Nicolas and Dehbaoui, Amine and Heydemann, Karine and Robisson, Bruno and Encrenaz, Emmanuelle},
  booktitle={Fault Diagnosis and Tolerance in Cryptography (FDTC), 2013 Workshop on},
  pages={77--88},
  year={2013},
  organization={IEEE}
}

@inproceedings{Heydemann,
  title={{Formal verification of a software countermeasure against instruction skip attacks}},
  author={Heydemann, Karine and Moro, Nicolas and Encrenaz, Emmanuelle and Robisson, Bruno},
  booktitle={PROOFS 2013}
}

@article{Choukri,
  title={{Round reduction using faults}},
  author={Choukri, Hamid and Tunstall, Michael},
  journal={FDTC},
  volume={5},
  pages={13--24},
  year={2005}
}

@inproceedings{Dutertre,
  title={{Fault round modification analysis of the advanced encryption standard}},
  author={Dutertre, J-M and Mirbaha, A-P and Naccache, David and Ribotta, A-L and Tria, Assia and Vaschalde, Thierry},
  booktitle={Hardware-Oriented Security and Trust (HOST), 2012 IEEE International Symposium on},
  pages={140--145},
  year={2012},
  organization={IEEE}
}

@inproceedings{matsui1994linear,
  title={{Linear cryptanalysis method for DES cipher}},
  author={Matsui, Mitsuru},
  booktitle={Advances in Cryptology—EUROCRYPT’93},
  pages={386--397},
  year={1994},
  organization={Springer}
}

@article{biham1991differential,
  title={Differential cryptanalysis of DES-like cryptosystems},
  author={Biham, Eli and Shamir, Adi},
  journal={Journal of CRYPTOLOGY},
  volume={4},
  number={1},
  pages={3--72},
  year={1991},
  publisher={Springer}
}

@inproceedings{kaminsky2010overview,
  title={An overview of cryptanalysis research for the advanced encryption standard},
  author={Kaminsky, Alan and Kurdziel, Michael and Radziszowski, Stanis{\l}aw},
  booktitle={MILITARY COMMUNICATIONS CONFERENCE, 2010-MILCOM 2010},
  pages={1310--1316},
  year={2010},
  organization={IEEE}
}

@article{bar2006sorcerer,
  title={The sorcerer's apprentice guide to fault attacks},
  author={Bar-El, Hagai and Choukri, Hamid and Naccache, David and Tunstall, Michael and Whelan, Claire},
  journal={Proceedings of the IEEE},
  volume={94},
  number={2},
  pages={370--382},
  year={2006},
  publisher={IEEE}
}

@article{karaklajic2013hardware,
  title={Hardware designer's guide to fault attacks},
  author={Karaklajic, Dusko and Schmidt, J-M and Verbauwhede, Ingrid},
  journal={Very Large Scale Integration (VLSI) Systems, IEEE Transactions on},
  volume={21},
  number={12},
  pages={2295--2306},
  year={2013},
  publisher={IEEE}
}

@incollection{giraud2004survey,
  title={A survey on fault attacks},
  author={Giraud, Christophe and Thiebeauld, Hugues},
  booktitle={Smart Card Research and Advanced Applications VI},
  pages={159--176},
  year={2004},
  publisher={Springer}
}

@article{saha2009diagonal,
  title={A Diagonal Fault Attack on the Advanced Encryption Standard.},
  author={Saha, Dhiman and Mukhopadhyay, Debdeep and Chowdhury, Dipanwita Roy},
  journal={IACR Cryptology ePrint Archive},
  volume={2009},
  pages={581},
  year={2009},
  publisher={Citeseer}
}

@incollection{amiel2006fault,
  title={Fault analysis of DPA-resistant algorithms},
  author={Amiel, Frederic and Clavier, Christophe and Tunstall, Michael},
  booktitle={Fault diagnosis and tolerance in cryptography},
  pages={223--236},
  year={2006},
  publisher={Springer}
}

@inproceedings{selmane2008practical,
  title={Practical setup time violation attacks on AES},
  author={Selmane, Nidhal and Guilley, Sylvain and Danger, J-L},
  booktitle={Dependable Computing Conference, 2008. EDCC 2008. Seventh European},
  pages={91--96},
  year={2008},
  organization={IEEE}
}

@incollection{barenghi2012exploring,
  title={Exploring the feasibility of low cost fault injection attacks on sub-threshold devices through an example of a 65nm AES implementation},
  author={Barenghi, Alessandro and Hocquet, C{\'e}dric and Bol, David and Standaert, Fran{\c{c}}ois-Xavier and Regazzoni, Francesco and Koren, Israel},
  booktitle={RFID. Security and Privacy},
  pages={48--60},
  year={2012},
  publisher={Springer}
}

@inproceedings{khelil2008fault,
  title={Fault analysis attack on an FPGA AES implementation},
  author={Khelil, Farouk and Hamdi, Mohamed and Guilley, Sylvain and Danger, Jean-Luc and Selmane, Nidhal},
  booktitle={New Technologies, Mobility and Security, 2008. NTMS'08.},
  pages={1--5},
  year={2008},
  organization={IEEE}
}

@article{canivet2011glitch,
  title={Glitch and laser fault attacks onto a secure AES implementation on a SRAM-based FPGA},
  author={Canivet, Gaetan and Maistri, Paolo and Leveugle, R{\'e}gis and Cl{\'e}di{\`e}re, Jessy and Valette, Florent and Renaudin, Marc},
  journal={Journal of Cryptology},
  volume={24},
  number={2},
  pages={247--268},
  year={2011},
  publisher={Springer}
}

@inproceedings{agoyan2010flip,
  title={How to flip a bit?},
  author={Agoyan, Michel and Dutertre, Jean-Max and Mirbaha, Amir-Pasha and Naccache, David and Ribotta, Anne-Lise and Tria, Assia},
  booktitle={IOLTS},
  pages={235--239},
  year={2010}
}

@inproceedings{canivet2008detailed,
  title={Detailed analyses of single laser shot effects in the configuration of a Virtex-II FPGA},
  author={Canivet, Gaetan and Cl{\'e}di{\`e}re, Jessy and Ferron, Jean Baptiste and Valette, Fr{\'e}d{\'e}ric and Renaudin, Marc and Leveugle, R{\'e}gis},
  booktitle={On-Line Testing Symposium, 2008. IOLTS'08. 14th IEEE International},
  pages={289--294},
  year={2008},
  organization={IEEE}
}

@inproceedings{dehbaoui2012electromagnetic,
  title={Electromagnetic transient faults injection on a hardware and a software implementations of AES},
  author={Dehbaoui, Amine and Dutertre, J-M and Robisson, Bruno and Tria, Assia},
  booktitle={Fault Diagnosis and Tolerance in Cryptography (FDTC), 2012 Workshop on},
  pages={7--15},
  year={2012},
  organization={IEEE}
}

@inproceedings{wu2004low,
  title={Low cost concurrent error detection for the advanced encryption standard},
  author={Wu, Kaijie and Karri, Ramesh and Kuznetsov, Grigori and Goessel, Michael},
  booktitle={Test Conference, 2004. Proceedings. ITC 2004. International},
  pages={1242--1248},
  year={2004},
  organization={IEEE}
}

@article{bertoni2003error,
  title={Error analysis and detection procedures for a hardware implementation of the advanced encryption standard},
  author={Bertoni, Guido and Breveglieri, Luca and Koren, Israel and Maistri, Paolo and Piuri, Vincenzo},
  journal={Computers, IEEE Transactions on},
  volume={52},
  number={4},
  pages={492--505},
  year={2003},
  publisher={IEEE}
}

@article{mozaffari2010concurrent,
  title={Concurrent structure-independent fault detection schemes for the advanced encryption standard},
  author={Mozaffari-Kermani, Mehran and Reyhani-Masoleh, Arash},
  journal={Computers, IEEE Transactions on},
  volume={59},
  number={5},
  pages={608--622},
  year={2010},
  publisher={IEEE}
}

@inproceedings{karpovsky2004robust,
  title={Robust protection against fault-injection attacks on smart cards implementing the advanced encryption standard},
  author={Karpovsky, Mark and Kulikowski, Konrad J and Taubin, Alexander},
  booktitle={Dependable Systems and Networks, 2004 International Conference on},
  pages={93--101},
  year={2004},
  organization={IEEE}
}

@article{joye2007strengthening,
  title={Strengthening hardware AES implementations against fault attacks},
  author={Joye, Marc and Manet, Pascal and Rigaud, J-B},
  journal={IET Information Security},
  volume={1},
  number={3},
  pages={106--110},
  year={2007},
  publisher={IET}
}

@article{karri2002concurrent,
  title={Concurrent error detection schemes for fault-based side-channel cryptanalysis of symmetric block ciphers},
  author={Karri, Ramesh and Wu, Kaijie and Mishra, Piyush and Kim, Yongkook},
  journal={Computer-Aided Design of Integrated Circuits and Systems, IEEE Transactions on},
  volume={21},
  number={12},
  pages={1509--1517},
  year={2002},
  publisher={IEEE}
}

@incollection{satoh2008high,
  title={High-performance concurrent error detection scheme for AES hardware},
  author={Satoh, Akashi and Sugawara, Takeshi and Homma, Naofumi and Aoki, Takafumi},
  booktitle={Cryptographic Hardware and Embedded Systems--CHES 2008},
  pages={100--112},
  year={2008},
  publisher={Springer}
}

@article{guo2013recomputing,
  title={Recomputing with permuted operands: A concurrent error detection approach},
  author={Guo, Xiaofei and Karri, Ramesh},
  journal={Computer-Aided Design of Integrated Circuits and Systems, IEEE Transactions on},
  volume={32},
  number={10},
  pages={1595--1608},
  year={2013},
  publisher={IEEE}
}

@inproceedings{guo2012invariance,
  title={Invariance-based concurrent error detection for advanced encryption standard},
  author={Guo, Xiaofei and Karri, Ramesh},
  booktitle={Proceedings of the 49th Annual Design Automation Conference},
  pages={573--578},
  year={2012},
  organization={ACM}
}

@article{guo2014security,
  title={Security analysis of concurrent error detection against differential fault analysis},
  author={Guo, Xiaofei and Mukhopadhyay, Debdeep and Jin, Chenglu and Karri, Ramesh},
  journal={Journal of Cryptographic Engineering},
  pages={1--17},
  year={2014},
  publisher={Springer}
}

@book{schneier1999twofish,
  title={The Twofish encryption algorithm: a 128-bit block cipher},
  author={Schneier, Bruce and Kelsey, John and Whiting, Doug and Wagner, David and Hall, Chris and Ferguson, Niels},
  year={1999},
  publisher={John Wiley \& Sons, Inc.}
}

@inproceedings{vaudenay1995need,
  title={On the need for multipermutations: Cryptanalysis of MD4 and SAFER},
  author={Vaudenay, Serge},
  booktitle={Fast Software Encryption},
  pages={286--297},
  year={1995},
  organization={Springer}
}

@inproceedings{junod2005perfect,
  title={Perfect diffusion primitives for block ciphers},
  author={Junod, Pascal and Vaudenay, Serge},
  booktitle={Selected Areas in Cryptography},
  pages={84--99},
  year={2005},
  organization={Springer}
}

@book{demming2010introduction,
  title={Introduction to the Boost C++ Libraries; Volume I-Foundations},
  author={Demming, Robert and Duffy, Daniel J},
  year={2010},
  publisher={Datasim Education BV}
}

@inproceedings{dusart2003differential,
  title={Differential fault analysis on AES},
  author={Dusart, Pierre and Letourneux, Gilles and Vivolo, Olivier},
  booktitle={Applied Cryptography and Network Security},
  pages={293--306},
  year={2003},
  organization={Springer}
}

@incollection{moradi2006generalized,
  title={A generalized method of differential fault attack against AES cryptosystem},
  author={Moradi, Amir and Shalmani, Mohammad T Manzuri and Salmasizadeh, Mahmoud},
  booktitle={Cryptographic Hardware and Embedded Systems-CHES 2006},
  pages={91--100},
  year={2006},
  publisher={Springer}
}

@inproceedings{lashermes2012dfa,
  title={A DFA on AES Based on the Entropy of Error Distributions},
  author={Lashermes, Ronan and Reymond, Guillaume and Dutertre, Jean-Max and Fournier, Jacques and Robisson, Bruno and Tria, Assia},
  booktitle={Fault Diagnosis and Tolerance in Cryptography (FDTC), 2012 Workshop on},
  pages={34--43},
  year={2012},
  organization={IEEE}
}

@article{agoyan2011design,
  title={Design and characterisation of an AES chip embedding countermeasures},
  author={Agoyan, Michel and Bouquet, Sylvain and Fournier, Jacques and Robisson, Bruno and Tria, Assia and Dutertre, Jean-Max and Rigaud, Jean-Baptiste},
  journal={International Journal of Intelligent Engineering Informatics},
  volume={1},
  number={3-4},
  pages={328--347},
  year={2011},
  publisher={Inderscience Publishers}
}

@article{DBLP:journals/tc/YenJ00,
  author    = {Sung{-}Ming Yen and
               Marc Joye},
  title     = {Checking Before Output May Not Be Enough Against Fault-Based Cryptanalysis},
  journal   = {{IEEE} Trans. Computers},
  volume    = {49},
  number    = {9},
  pages     = {967--970},
  year      = {2000},
  url       = {http://doi.ieeecomputersociety.org/10.1109/12.869328},
  doi       = {10.1109/12.869328},
  timestamp = {Thu, 27 Oct 2011 17:40:03 +0200},
  biburl    = {http://dblp.uni-trier.de/rec/bib/journals/tc/YenJ00},
  bibsource = {dblp computer science bibliography, http://dblp.org}
}

@inproceedings{DBLP:conf/cardis/AliM11,
  author    = {Subidh Ali and
               Debdeep Mukhopadhyay},
  title     = {Differential Fault Analysis of {AES-128} Key Schedule Using a Single
               Multi-byte Fault},
  booktitle = {Smart Card Research and Advanced Applications - 10th {IFIP} {WG} 8.8/11.2
               International Conference, {CARDIS} 2011, Leuven, Belgium, September
               14-16, 2011, Revised Selected Papers},
  pages     = {50--64},
  year      = {2011},
  doi       = {10.1007/978-3-642-27257-8_4},
}

@incollection{bringer2014orthogonal,
  title={Orthogonal Direct Sum Masking},
  author={Bringer, Julien and Carlet, Claude and Chabanne, Herv{\'e} and Guilley, Sylvain and Maghrebi, Houssem},
  booktitle={Information Security Theory and Practice. Securing the Internet of Things},
  pages={40--56},
  year={2014},
  publisher={Springer}
}

@article{joye2011side,
  title={Side-channel analysis},
  author={Joye, Marc and Olivier, Francis},
  journal={Encyclopedia of Cryptography and Security},
  pages={1198--1204},
  year={2011},
  publisher={Springer}
}

@inproceedings{ngo2015linear,
  title={Linear complementary dual code improvement to strengthen encoded circuit against hardware Trojan horses},
  author={Ngo, Xuan Thuy and Bhasin, Shivam and Danger, Jean-Luc and Guilley, Sylvain and Najm, Zakaria},
  booktitle={Hardware Oriented Security and Trust (HOST), 2015 IEEE International Symposium on},
  pages={82--87},
  year={2015},
  organization={IEEE}
}

@book{akishita2003zero,
  title={Zero-value point attacks on elliptic curve cryptosystem},
  author={Akishita, Toru and Takagi, Tsuyoshi},
  year={2003},
  publisher={Springer}
}


@incollection{li2014yet,
  title={Yet another fault-based leakage in non-uniform faulty ciphertexts},
  author={Li, Yang and Hayashi, Yu-ichi and Matsubara, Arisa and Homma, Naofumi and Aoki, Takafumi and Ohta, Kazuo and Sakiyama, Kazuo},
  booktitle={Foundations and Practice of Security},
  pages={272--287},
  year={2014},
  publisher={Springer}
}

@incollection{karri2003parity,
  title={Parity-based concurrent error detection of substitution-permutation network block ciphers},
  author={Karri, Ramesh and Kuznetsov, Grigori and Goessel, Michael},
  booktitle={Cryptographic Hardware and Embedded Systems-CHES 2003},
  pages={113--124},
  year={2003},
  publisher={Springer}
}

@incollection{patranabis2015fault,
  title={Fault Tolerant Infective Countermeasure for AES},
  author={Patranabis, Sikhar and Chakraborty, Abhishek and Mukhopadhyay, Debdeep},
  booktitle={Security, Privacy, and Applied Cryptography Engineering},
  pages={190--209},
  year={2015},
  publisher={Springer}
}

@article{danger2009overview,
  title={Overview of Dual rail with Precharge logic styles to thwart implementation-level attacks on hardware cryptoprocessors},
  author={Danger, Jean-Luc and Guilley, Sylvain and Bhasin, Shivam and Nassar, Maxime and Sauvage, Laurent},
  year={2009}
}

@inproceedings{regazzoni2008can,
  title={Can knowledge regarding the presence of countermeasures against fault attacks simplify power attacks on cryptographic devices?},
  author={Regazzoni, Francesco and Eisenbarth, Thomas and Breveglieri, Luca and Ienne, Paolo and Koren, Israel},
  booktitle={Defect and Fault Tolerance of VLSI Systems, 2008. DFTVS'08. IEEE International Symposium on},
  pages={202--210},
  year={2008},
  organization={IEEE}
}

@inproceedings{dehbaoui2012electromagnetic,
  title={Electromagnetic transient faults injection on a hardware and a software implementations of aes},
  author={Dehbaoui, Amine and Dutertre, Jean-Max and Robisson, Bruno and Tria, Assia},
  booktitle={Fault Diagnosis and Tolerance in Cryptography (FDTC), 2012 Workshop on},
  pages={7--15},
  year={2012},
  organization={IEEE}
}

@inproceedings{alberto2013investigation,
  title={Investigation of electromagnetic fault injection effects on embedded cryptosystems},
  author={Alberto, Diego and Maistri, Paolo and Leveugle, R{\'e}gis},
  booktitle={First Workshop on Trustworthy Manufacturing and Utilization of Secure Devices, TRUDEVICE 2013},
  year={2013}
}

@inproceedings{DBLP:conf/fdtc/MischkeMG14,
  author    = {Oliver Mischke and
               Amir Moradi and
               Tim G{\"{u}}neysu},
  title     = {Fault Sensitivity Analysis Meets Zero-Value Attack},
  booktitle = {2014 Workshop on Fault Diagnosis and Tolerance in Cryptography, {FDTC}
               2014, Busan, South Korea, September 23, 2014},
  pages     = {59--67},
  year      = {2014},
  doi       = {10.1109/FDTC.2014.16},
  timestamp = {Wed, 13 May 2015 17:45:37 +0200},
  biburl    = {http://dblp.uni-trier.de/rec/bib/conf/fdtc/MischkeMG14},
  bibsource = {dblp computer science bibliography, http://dblp.org}
}

@inproceedings{robisson2007differential,
  author    = {Bruno Robisson and
               Pascal Manet},
  title     = {Differential Behavioral Analysis},
  booktitle = {Cryptographic Hardware and Embedded Systems - {CHES} 2007, 9th International
               Workshop, Vienna, Austria, September 10-13, 2007, Proceedings},
  pages     = {413--426},
  year      = {2007},
  doi       = {10.1007/978-3-540-74735-2_28},
  timestamp = {Tue, 28 Aug 2007 14:51:52 +0200},
  biburl    = {http://dblp.uni-trier.de/rec/bib/conf/ches/RobissonM07},
  bibsource = {dblp computer science bibliography, http://dblp.org}
}

@inproceedings{DBLP:conf/acns/SchneiderMG15,
  author    = {Tobias Schneider and
               Amir Moradi and
               Tim G{\"{u}}neysu},
  title     = {Arithmetic Addition over Boolean Masking - Towards First- and Second-Order
               Resistance in Hardware},
  booktitle = {Applied Cryptography and Network Security - 13th International Conference,
               {ACNS} 2015, New York, NY, USA, June 2-5, 2015, Revised Selected Papers},
  pages     = {559--578},
  year      = {2015},
  doi       = {10.1007/978-3-319-28166-7_27},
}

@article{yang2012toward,
  title={Toward effective countermeasures against an improved fault sensitivity analysis},
  author={Yang, Li and Sakiyama, Kazuo},
  journal={IEICE TRANSACTIONS on Fundamentals of Electronics, Communications and Computer Sciences},
  volume={95},
  number={1},
  pages={234--241},
  year={2012},
  publisher={The Institute of Electronics, Information and Communication Engineers}
}

@inproceedings{endo2012efficient,
  title={An efficient countermeasure against fault sensitivity analysis using configurable delay blocks},
  author={Endo, Sho and Li, Yang and Homma, Naofumi and Sakiyama, Kazuo and Ohta, Kazuo and Aoki, Takafumi},
  booktitle={Fault Diagnosis and Tolerance in Cryptography (FDTC), 2012 Workshop on},
  pages={95--102},
  year={2012},
  organization={IEEE}
}

@incollection{patranabis2015biased,
  title={{A Biased Fault Attack on the Time Redundancy Countermeasure for AES}},
  author={Patranabis, Sikhar and Chakraborty, Abhishek and Nguyen, Phuong Ha and Mukhopadhyay, Debdeep},
  booktitle={Constructive Side-Channel Analysis and Secure Design},
  pages={189--203},
  year={2015},
  publisher={Springer}
}



@article{DBLP:journals/corr/BreierH17,
  author    = {Jakub Breier and
               Wei He},
  title     = {Multiple Fault Attack on {PRESENT} with a Hardware Trojan Implementation
               in {FPGA}},
  journal   = {CoRR},
  volume    = {abs/1702.08208},
  year      = {2017},
  url       = {http://arxiv.org/abs/1702.08208},
  timestamp = {Wed, 07 Jun 2017 14:42:40 +0200},
  biburl    = {http://dblp2.uni-trier.de/rec/bib/journals/corr/BreierH17},
  bibsource = {dblp computer science bibliography, http://dblp.org}
}

@inproceedings{gift,
  author    = {Subhadeep Banik and
	       Sumit Kumar Pandey and
	       Thomas Peyrin and
	       Yu Sasaki and
	       Siang Meng Sim and
	       Yosuke Todo},
  title     = {{GIFT:} A Small Present Towards Reaching the Limit of Lightweight Encryption},
  booktitle = {Cryptographic Hardware and Embedded Systems - {CHES} 2017, 19th International
               Conference, Taipei, Taiwan, September 25-28, 2017},
  pages     = {},
  year      = {2017},
  doi       = {},
  intype = {to appear in},
}


